
@inproceedings{shen2022automatic,
  title={Automatic depression detection: An emotional audio-textual corpus and a gru/bilstm-based model},
  author={Shen, Ying and Yang, Huiyu and Lin, Lin},
  booktitle={ICASSP 2022-2022 IEEE International Conference on Acoustics, Speech and Signal Processing (ICASSP)},
  pages={6247--6251},
  year={2022},
  organization={IEEE}
}

@inproceedings{al2018detecting,
  title={Detecting Depression with Audio/Text Sequence Modeling of Interviews.},
  author={Al Hanai, Tuka and Ghassemi, Mohammad M and Glass, James R},
  booktitle={Interspeech},
  pages={1716--1720},
  year={2018}
}

@inproceedings{gratch2014distress,
  title={The distress analysis interview corpus of human and computer interviews.},
  author={Gratch, Jonathan and Artstein, Ron and Lucas, Gale M and Stratou, Giota and Scherer, Stefan and Nazarian, Angela and Wood, Rachel and Boberg, Jill and DeVault, David and Marsella, Stacy and others},
  booktitle={LREC},
  pages={3123--3128},
  year={2014},
  organization={Reykjavik}
}

@article{wu2023automatic,
  title={Automatic depression recognition by intelligent speech signal processing: A systematic survey},
  author={Wu, Pingping and Wang, Ruihao and Lin, Han and Zhang, Fanlong and Tu, Juan and Sun, Miao},
  journal={CAAI Transactions on Intelligence Technology},
  volume={8},
  number={3},
  pages={701--711},
  year={2023},
  publisher={Wiley Online Library}
}

@article{li2019speech,
  title={Speech databases for mental disorders: A systematic review},
  author={Li, Yiling and Lin, Yi and Ding, Hongwei and Li, Chunbo},
  journal={General psychiatry},
  volume={32},
  number={3},
  year={2019},
  publisher={Shanghai Mental Health Center}
}

@article{low2020automated,
  title={Automated assessment of psychiatric disorders using speech: A systematic review},
  author={Low, Daniel M and Bentley, Kate H and Ghosh, Satrajit S},
  journal={Laryngoscope investigative otolaryngology},
  volume={5},
  number={1},
  pages={96--116},
  year={2020},
  publisher={Wiley Online Library}
}

@inproceedings{valin2018hybrid,
  title={A hybrid DSP/deep learning approach to real-time full-band speech enhancement},
  author={Valin, Jean-Marc},
  booktitle={2018 IEEE 20th international workshop on multimedia signal processing (MMSP)},
  pages={1--5},
  year={2018},
  organization={IEEE}
}

@inproceedings{arandjelovic2016netvlad,
  title={NetVLAD: CNN architecture for weakly supervised place recognition},
  author={Arandjelovic, Relja and Gronat, Petr and Torii, Akihiko and Pajdla, Tomas and Sivic, Josef},
  booktitle={Proceedings of the IEEE conference on computer vision and pattern recognition},
  pages={5297--5307},
  year={2016}
}

@inproceedings{mcfee2015librosa,
  title={librosa: Audio and music signal analysis in python.},
  author={McFee, Brian and Raffel, Colin and Liang, Dawen and Ellis, Daniel PW and McVicar, Matt and Battenberg, Eric and Nieto, Oriol},
  booktitle={SciPy},
  pages={18--24},
  year={2015}
}

@misc{shen2022icassp,
  author = {Shen, Ying and Yang, Huiyu and Lin, Lin},
  title = {{ICASSP2022-Depression}},
  howpublished = {\url{https://github.com/speechandlanguageprocessing/ICASSP2022-Depression}},
  year = {2022},
}

@article{peveler2002depression,
  title={Depression in medical patients},
  author={Peveler, Robert and Carson, Alan and Rodin, Gary},
  journal={Bmj},
  volume={325},
  number={7356},
  pages={149--152},
  year={2002},
  publisher={British Medical Journal Publishing Group}
}

@article{wu2020using,
  title={Using text mining to extract depressive symptoms and to validate the diagnosis of major depressive disorder from electronic health records},
  author={Wu, Chi-Shin and Kuo, Chian-Jue and Su, Chu-Hsien and Wang, Shi-Heng and Dai, Hong-Jie},
  journal={Journal of affective disorders},
  volume={260},
  pages={617--623},
  year={2020},
  publisher={Elsevier}
}

@article{kessler2012costs,
  title={The costs of depression},
  author={Kessler, Ronald C},
  journal={Psychiatric Clinics},
  volume={35},
  number={1},
  pages={1--14},
  year={2012},
  publisher={Elsevier}
}

@inproceedings{sun2017random,
  title={A random forest regression method with selected-text feature for depression assessment},
  author={Sun, Bo and Zhang, Yinghui and He, Jun and Yu, Lejun and Xu, Qihua and Li, Dongliang and Wang, Zhaoying},
  booktitle={Proceedings of the 7th annual workshop on Audio/Visual emotion challenge},
  pages={61--68},
  year={2017}
}

@inproceedings{yang2016decision,
  title={Decision tree based depression classification from audio video and language information},
  author={Yang, Le and Jiang, Dongmei and He, Lang and Pei, Ercheng and Oveneke, Meshia C{\'e}dric and Sahli, Hichem},
  booktitle={Proceedings of the 6th international workshop on audio/visual emotion challenge},
  pages={89--96},
  year={2016}
}

@inproceedings{gong2017topic,
  title={Topic modeling based multi-modal depression detection},
  author={Gong, Yuan and Poellabauer, Christian},
  booktitle={Proceedings of the 7th annual workshop on Audio/Visual emotion challenge},
  pages={69--76},
  year={2017}
}

@inproceedings{yang2017multimodal,
  title={Multimodal measurement of depression using deep learning models},
  author={Yang, Le and Jiang, Dongmei and Xia, Xiaohan and Pei, Ercheng and Oveneke, Meshia C{\'e}dric and Sahli, Hichem},
  booktitle={Proceedings of the 7th annual workshop on audio/visual emotion challenge},
  pages={53--59},
  year={2017}
}

@inproceedings{ma2016depaudionet,
  title={Depaudionet: An efficient deep model for audio based depression classification},
  author={Ma, Xingchen and Yang, Hongyu and Chen, Qiang and Huang, Di and Wang, Yunhong},
  booktitle={Proceedings of the 6th international workshop on audio/visual emotion challenge},
  pages={35--42},
  year={2016}
}